@inproceedings{ARTIGO:1959.1460326,
 author = {Bledsoe, W. W. and Browning, I.},
 title = {Pattern Recognition and Reading by Machine},
 booktitle = {Papers Presented at the December 1-3, 1959, Eastern Joint IRE-AIEE-ACM Computer Conference},
 series = {IRE-AIEE-ACM '59 (Eastern)},
 year = {1959},
 location = {Boston, Massachusetts},
 pages = {225--232},
 numpages = {8},
 url = {http://doi.acm.org/10.1145/1460299.1460326},
 doi = {10.1145/1460299.1460326},
 acmid = {1460326},
 publisher = {ACM},
 address = {New York, NY, USA}
} 

@article{ARTIGO:10.1108,
author = {I. Aleksander and W.V. Thomas and P.A. Bowden},
title = {WISARDÂ·a radical step forward in image recognition},
journal = {Sensor Review},
volume = {4},
number = {3},
pages = {120-124},
year = {1984},
doi = {10.1108/eb007637},
abstract = { The WISARD recognition system invented at Brunei University has been developed into an industrialised product by Computer Recognition Systems under licence from the British Technology Group. Using statistical pattern classification it already shows great potential in rapid sorting, and research indicates that it will track objects with positional feedback, rather like the human eye. }
}

@ARTICLE{ARTIGO:1992.153489, 
author={C. R. Gent and C. P. Sheppard}, 
journal={Computing Control Engineering Journal}, 
title={Predicting time series by a fully connected neural network trained by back propagation}, 
year={1992}, 
volume={3}, 
number={3}, 
pages={109-112}, 
keywords={encoding;filtering and prediction theory;learning systems;mathematics computing;neural nets;probability;time series;Kalman filter;backpropagation learning scheme;deterministically generated time series;fully connected neural network;local linearisations;probabilistic interpretation;process data;recurrent network;spread encoding;stochastically generated time series;time series prediction;training;Encoding;Filtering;Learning systems;Neural networks;Prediction methods;Probability;Time series}, 
doi={10.1049/cce:19920031}, 
ISSN={0956-3385}, 
month={May}}

@INPROCEEDINGS{ARTIGO:1992.253659, 
author={S. S. Rao and S. Sethuraman and V. Ramamurti}, 
booktitle={Neural Networks for Signal Processing [1992] II., Proceedings of the 1992 IEEE-SP Workshop}, 
title={A recurrent neural network for nonlinear time series prediction-a comparative study}, 
year={1992}, 
pages={531-539}, 
keywords={filtering and prediction theory;recurrent neural nets;time series;Kalman predictor;nonlinear time series prediction;performance;recurrent neural network;second-order Volterra filter;state-dependent model;Accuracy;Equations;Kalman filters;Multilayer perceptrons;Neural networks;Nonlinear filters;Predictive models;Radial basis function networks;Recurrent neural networks;Writing}, 
doi={10.1109/NNSP.1992.253659}, 
month={Aug}}

@INPROCEEDINGS{ARTIGO:1992.253669, 
author={J. M. Kuo and J. C. Principle and B. de Vries}, 
booktitle={Neural Networks for Signal Processing [1992] II., Proceedings of the 1992 IEEE-SP Workshop}, 
title={Prediction of chaotic time series using recurrent neural networks}, 
year={1992}, 
pages={436-443}, 
keywords={recurrent neural nets;time series;ANN;chaotic time series prediction;periodic time series;recurrent artificial neural network;training sequences length;Artificial neural networks;Backpropagation;Chaos;Data mining;Error correction;Neural networks;Predictive models;Recurrent neural networks;Robustness;Trajectory}, 
doi={10.1109/NNSP.1992.253669}, 
month={Aug}}

@ARTICLE{ARTIGO:1992.165591, 
author={Q. Zhang and A. Benveniste}, 
journal={IEEE Transactions on Neural Networks}, 
title={Wavelet networks}, 
year={1992}, 
volume={3}, 
number={6}, 
pages={889-898}, 
keywords={backpropagation;feedforward neural nets;wavelet transforms;affine transform;arbitrary nonlinear functions approximation;backpropagation;feedforward neural networks;learning algorithm;multidimensional wavelet;synaptic weights;wavelet network;wavelet transform theory;Backpropagation algorithms;Continuous wavelet transforms;Convergence;Discrete transforms;Feedforward neural networks;Helium;Neural networks;Nonlinear systems;Power system modeling;Wavelet transforms}, 
doi={10.1109/72.165591}, 
ISSN={1045-9227}, 
month={Nov}}

@ARTICLE{ARTICLE:1995.388960, 
author={A. Graps}, 
journal={IEEE Computational Science and Engineering}, 
title={An introduction to wavelets}, 
year={1995}, 
volume={2}, 
number={2}, 
pages={50-61}, 
keywords={reviews;signal processing;wavelet transforms;applications;data analysis;data represention;discretely sampled time-series data;mathematical requirements;packet techniques;scale-based analysis;wavelets;Collaboration;Fourier series;Geology;Image coding;Mathematics;Performance analysis;Prototypes;Signal analysis;Signal resolution;Wavelet analysis}, 
doi={10.1109/99.388960}, 
ISSN={1070-9924}, 
month={Summer}}

@INPROCEEDINGS{ARTIGO:2001.938397, 
author={Lipo Wang and Kok Keong Teo and Zhiping Lin}, 
booktitle={Neural Networks, 2001. Proceedings. IJCNN '01. International Joint Conference on}, 
title={Predicting time series with wavelet packet neural networks}, 
year={2001}, 
volume={3}, 
pages={1593-1597 vol.3}, 
keywords={feature extraction;multilayer perceptrons;prediction theory;time series;time-frequency analysis;wavelet transforms;feature extraction;multilayer perceptron;time series prediction;time-frequency information;wavelet decomposition;wavelet packet;Biological neural networks;Delay lines;Feature extraction;Multilayer perceptrons;Neural networks;Neurons;Signal resolution;Speech;Time frequency analysis;Wavelet packets}, 
doi={10.1109/IJCNN.2001.938397}, 
ISSN={1098-7576}}

@INPROCEEDINGS{ARTIGO:2014.7078569, 
author={P. Swietojanski and S. Renals}, 
booktitle={Spoken Language Technology Workshop (SLT), 2014 IEEE}, 
title={Learning hidden unit contributions for unsupervised speaker adaptation of neural network acoustic models}, 
year={2014}, 
pages={171-176}, 
keywords={maximum likelihood estimation;neural nets;regression analysis;speech processing;unsupervised learning;IWSLT evaluations;International Workshop on Spoken Language Translation evaluations;ReLU function;TED talks data;fMLLR;feature-space maximum likelihood linear regression;hidden unit activation functions;maxout function;model-based neural network speaker adaptation technique;neural network acoustic models;rectifying linear units function;sigmoid function;unsupervised speaker adaptation;Acoustics;Adaptation models;Data models;Neural networks;Speech;Training;Transforms;Deep Neural Networks;IWSLT;LHUC;Speaker Adaptation;TED}, 
doi={10.1109/SLT.2014.7078569}, 
month={Dec}}

@article{ARTIGO:2016.Reddy2016,
  doi = {10.18280/mmep.030212},
  year  = {2016},
  month = {jun},
  publisher = {International Information and Engineering Technology Association},
  volume = {3},
  number = {2},
  pages = {108--114},
  author = {A. Reddy and S. Manjula and C. Sateesha and N. Bujurke},
  title = {Haar Wavelet Approach for the Solution of Seventh Order Ordinary Differential Equations},
  journal = {{MMEP}}
}

@ARTICLE{ARTIGO:2010.5345722, 
author={J. Gao and H. Sultan and J. Hu and W. W. Tung}, 
journal={IEEE Signal Processing Letters}, 
title={Denoising Nonlinear Time Series by Adaptive Filtering and Wavelet Shrinkage: A Comparison}, 
year={2010}, 
volume={17}, 
number={3}, 
pages={237-240}, 
keywords={Lyapunov methods;adaptive filters;correlation methods;electrocardiography;mean square error methods;signal denoising;ECG;Lyapunov exponent;adaptive denoising algorithm;adaptive filtering;chaotic Lorenz data;correlation dimension;electroencephalogram signal;nonlinear time series denoising;root mean square error;wavelet shrinkage;Adaptive denoising algorithm;EEG signal;Lorenz;wavelet}, 
doi={10.1109/LSP.2009.2037773}, 
ISSN={1070-9908}, 
month={March}}

@book{LIVRO:Backpropagation7494,
  Author = {Paul John Werbos},
  Title = {The Roots of Backpropagation: From Ordered Derivatives to Neural Networks and Political Forecasting (Adaptive and Cognitive Dynamic Systems: Signal ... Learning,       Communications and Control)},
  Publisher = {Wiley-Interscience},
  Year = {1994},
  ISBN = {0471598976}
}

@book{LIVRO:1996.9780201539219,
  title={Building Neural Networks},
  author={Skapura, D.M.},
  isbn={9780201539219},
  lccn={94039062},
  series={ACM Press Series},
  year={1996},
  publisher={ACM Press}
}


@book{LIVRO:2003.9780203451519,
  title={An Introduction to Neural Networks},
  author={Gurney, K.},
  isbn={9780203451519},
  url={https://books.google.com.br/books?id=sn6oBHq8qQQC},
  year={2003},
  publisher={Taylor \& Francis}
}

@book{LIVRO:2009.9788591020805,
  title={Uma Introdu{\c{c}}{\~a}o {\`a}s Redes Neurais Artificiais para Estudos em Ecologia},
  author={de Assis Pio, B.L.},
  isbn={9788591020805},
  year={2009},
  city={Brasilia},
  country={Brazil},
  publisher={Bruno Luiz de Assis Pio}
}

@book{LIVRO:1996.skapura1996building,
  title={Building Neural Networks},
  author={Skapura, D.M.},
  isbn={9780201539219},
  lccn={94039062},
  series={ACM Press Series},
  year={1996},
  publisher={ACM Press}
}




@phdthesis{PHD:Backpropagation74,
    address = {Cambridge, MA},
    author = {Werbos, P.},
    citeulike-article-id = {1055600},
    keywords = {bibtex-import},
    posted-at = {2007-01-20 09:02:21},
    priority = {2},
    school = {Harvard University},
    title = {{Beyond Regression: New Tools for Prediction and Analysis in the Behavioral Sciences}},
    year = {1974}
}



