@phdthesis{Cardon1994,
author = {Cardon, Andr{\'{e}} and M{\"{u}}ller, Daniel Nehme and Navaux, Philippe},
file = {:home/renato/Downloads/intro{\_}rna.pdf:pdf},
mendeley-groups = {PhD/Citations/Tese/NN},
pages = {31},
school = {Universidade Federal do Rio Grande do Sul},
title = {{Introdu{\c{c}}{\~{a}}o {\`{A}}s Redes Neurais Artificiais}},
year = {1994}
}

@incollection{Eberhart19909,
address = {San Diego},
author = {Eberhart, Russell C and Dobbins, Roy W},
booktitle = {Neural Network {\{}PC{\}} Tools},
doi = {http://dx.doi.org/10.1016/B978-0-12-228640-7.50007-6},
editor = {Eberhart, Russell C and Dobbins, Roy W},
isbn = {978-0-12-228640-7},
mendeley-groups = {PhD/Citations/Tese/NN},
pages = {9--34},
publisher = {Academic Press},
title = {{{\{}CHAPTER{\}} 1 - Background and History}},
url = {//www.sciencedirect.com/science/article/pii/B9780122286407500076},
year = {1990}
}

@article{Haggbloom2002,
author = {Haggbloom, Steven J. and Warnick, Renee and Warnick, Jason E. and Jones, Vinessa K. and Yarbrough, Gary L. and Russell, Tenea M. and Borecky, Chris M. and McGahhey, Reagan and {Powell, John L.}, Iii and Beavers, Jamie and Monte, Emmanuelle},
doi = {10.1037/1089-2680.6.2.139},
file = {:home/renato/Downloads/top100.pdf:pdf},
isbn = {1089-2680$\backslash$r1939-1552},
issn = {1089-2680},
journal = {Review of General Psychology},
mendeley-groups = {PhD/Citations/Tese/NN},
number = {2},
pages = {139--152},
title = {{The 100 most eminent psychologists of the 20th century.}},
url = {http://creativity.ipras.ru/texts/top100.pdf},
volume = {6},
year = {2002}
}
@book{Hebb1949,
author = {Hebb, D.O},
booktitle = {The Organization of Behavior},
doi = {10.2307/1418888},
file = {:home/renato/Downloads/The{\_}Organization{\_}of{\_}Behavior-Donald{\_}O.{\_}Hebb.pdf:pdf},
isbn = {0805843000},
issn = {03619230},
mendeley-groups = {PhD/Citations/Tese/NN},
pages = {335},
pmid = {75979152},
publisher = {Wiley {\&} Sons},
title = {{The Organization of Behavior. A neuropsychological theory}},
volume = {911},
year = {1949}
}
@article{Kleene1956,
annote = {Diz que McCulloch1943 {\'{e}} de dificil compreens{\~{a}}o},
author = {Kleene, S.},
file = {:home/renato/Downloads/RM704.pdf:pdf},
journal = {Automata Studies},
mendeley-groups = {PhD/Citations/Tese/NN},
pages = {3--42},
title = {{Representation of events in nerve nets and finite automata}},
year = {1956}
}
@article{McCulloch1943,
author = {McCulloch, Warren S and Pitts, Walter},
doi = {10.1007/BF02478259},
issn = {1522-9602},
journal = {The bulletin of mathematical biophysics},
keywords = {http://www.cse.chalmers.se/{\~{}}coquand/AUTOMATA/mcp.p},
mendeley-groups = {PhD/Citations/Tese/NN},
mendeley-tags = {http://www.cse.chalmers.se/{\~{}}coquand/AUTOMATA/mcp.p},
number = {4},
pages = {115--133},
title = {{A logical calculus of the ideas immanent in nervous activity}},
url = {http://dx.doi.org/10.1007/BF02478259},
volume = {5},
year = {1943}
}
@article{Yadav2015,
author = {Yadav, Neha and Yadav, Anupam and Kumar, Manoj},
doi = {10.1007/978-94-017-9816-7},
file = {:tmp/mozilla{\_}renato0/9789401798150-c2.pdf:pdf},
isbn = {978-94-017-9815-0},
issn = {21915318},
journal = {SpringerBriefs in Applied Sciences and Technology},
keywords = {ADALINE,Biological modeling,Neurocomputing,Pattern recognition,Perceptron,Signal processing},
mendeley-groups = {PhD/Citations/Tese/NN},
pages = {13--15},
title = {{An Introduction to Neural Network Methods for Differential Equations}},
url = {http://www.scopus.com/inward/record.url?eid=2-s2.0-84924190922{\&}partnerID=tZOtx3y1},
volume = {16},
year = {2015}
}

@article{Krizhevsky2012,
archivePrefix = {arXiv},
arxivId = {1102.0183},
author = {Krizhevsky, Alex and Sutskever, Ilya and Hinton, Geoffrey E},
doi = {http://dx.doi.org/10.1016/j.protcy.2014.09.007},
eprint = {1102.0183},
file = {:home/renato/Downloads/4824-imagenet-classification-with-deep-convolutional-neural-networks.pdf:pdf},
isbn = {9781627480031},
issn = {10495258},
journal = {Advances In Neural Information Processing Systems},
mendeley-groups = {PhD/Citations/Tese/NN},
pages = {1--9},
pmid = {7491034},
title = {{ImageNet Classification with Deep Convolutional Neural Networks}},
url = {https://papers.nips.cc/paper/4824-imagenet-classification-with-deep-convolutional-neural-networks.pdf},
year = {2012}
}

